@misc{mariadb,
 title={MariaDB Server Documentation},
 url={https://mariadb.com/kb/en/library/documentation/}
}
@misc{gnuradio,
 title={GNU Radio official page},
 url={https://www.gnuradio.org/}
}
